@Book{typography,
    author = {William Chambers and James Donald},
    title = {Chamber's Etymological Dictionary of the English Language},
    publisher = {Franklin Classics},
    year = {2018},
    isbn = {0342271830},
}

@InBook{cavepaintings,
    author = {Merry E. Wiesner-Hanks},
    title = {A Concise History of the World},
    publisher = {Cambridge University Press},
    year = {2015},
    address = {New York},
    month = {september},
    pages = {11},
    isbn = {110702837X}
}

@InBook{chinaMoveable,
    author = {Colin A. Ronan},
    title = {The Shorter Science and Civilisation in China},
    publisher = {Cambridge University Press},
    year = {1994},
    volume = {4},
    month = {jún},
    pages = {14},
    isbn = {9780521329958},
}

@Article{chinaAndEurope,
    author = {Zhou He},
    title = {Diffusion of Movable Type in China and Europe: Why Were There Two Fates?},
    journal = {International Communication Gazette},
    year = {1994},
    volume = {53},
    number = {3},
    pages = {153-173},
    month = {jún},
    note = {\ DOI 10.1177/001654929405300301}
}

@Misc{printmag,
    author = {John Siebert},
    title = {The Evolution of Typography: A Brief History},
    howpublished = {[online]},
    month = {jún},
    year = {2015},
    url = {https://www.printmag.com/post/evolution-typography-history}
}

@Misc{gutenberg,
    author = {Wikipedia},
    title = {Johannes Gutenberg},
    howpublished = {[online]},
    month = {apríl},
    year = {2021},
    url = {https://en.wikipedia.org/wiki/Johannes_Gutenberg}
}

@Article{typographyStudy,
    author = {Cyril Burt and  W. F. Cooper and  J. L. Martin},
    title = {A Psychological Study of Typography},
    journal = {British Journal of Statistical Psychology},
    year = {1955},
    volume = {8},
    number = {1},
    month = {máj},
    note = {\ DOI 10.1111/j.2044-8317.1955.tb00160.x},
}

@BachelorsThesis{sansserif,
    author = {Yasmilla Zoë Magalie Stolvoort},
    title = {What colors and which category of typefaces help companies generate
positive emotions and associations in their consumers when they are
exposed to the brand style?},
    school = {University of Twente},
    year = {2020},
    address = {Enschede, Holandsko},
    month = {jún},
}

@PhdThesis{adds,
    author = {Aleksandar Donev},
    title = {Typography in Advertising},
    school = {Univerzita Tomáše Bati ve Zlíně},
    year = {2015},
    address = {Zlín},
    month = {december}
}

@Misc{monumentlettering,
    key = {Monument Lettering Center},
    title = {Monument Lettering Center: A History of Monument Lettering and Design},
    howpublished = {online},
    year = {vid. 2021-04-14},
    url = {https://www.monumentletteringcenter.com/history-of-monument-lettering/}
}